<record><leader>00000cas a2200000   4500</leader><controlfield tag="001">6868548</controlfield><controlfield tag="008">801027d18081809vtuwr naa     0   a0eng d</controlfield><controlfield tag="009">107</controlfield><datafield ind1=" " ind2=" " tag="010"><subfield code="a">sn 99067937 </subfield></datafield><datafield ind1=" " ind2=" " tag="040"><subfield code="a">VTU</subfield><subfield code="c">VTU</subfield><subfield code="d">NVN</subfield><subfield code="d">OCLCQ</subfield></datafield><datafield ind1=" " ind2=" " tag="043"><subfield code="a">n-us-vt</subfield></datafield><datafield ind1="0" ind2="0" tag="245"><subfield code="a">St. Albans adviser</subfield><subfield code="h">[microform].</subfield></datafield><datafield ind1="1" ind2="3" tag="246"><subfield code="a">Adviser</subfield></datafield><datafield ind1=" " ind2=" " tag="260"><subfield code="a">St. Albans, Vt. :</subfield><subfield code="b">Rufus Allen,</subfield><subfield code="c">1808-1809.</subfield></datafield><datafield ind1=" " ind2=" " tag="300"><subfield code="a">v.</subfield></datafield><datafield ind1=" " ind2=" " tag="310"><subfield code="a">Weekly</subfield></datafield><datafield ind1="0" ind2=" " tag="362"><subfield code="a">Vol. 1, no. 1 (Mar. 10, 1808)-v. 1, no. 42 (Jan. 28, 1809).</subfield></datafield><datafield ind1=" " ind2=" " tag="533"><subfield code="a">Microfilm.</subfield><subfield code="b">New York, N.Y.</subfield><subfield code="c">Readex Microprint Corp.</subfield><subfield code="d">1980.</subfield></datafield><datafield ind1=" " ind2="0" tag="651"><subfield code="a">Vermont</subfield><subfield code="v">Newspapers.</subfield></datafield><datafield ind1=" " ind2=" " tag="752"><subfield code="a">United States</subfield><subfield code="b">Vermont</subfield><subfield code="c">Franklin</subfield><subfield code="d">Saint Albans.</subfield></datafield><datafield ind1=" " ind2=" " tag="936"><subfield code="a">March 10, 1808</subfield></datafield></record>